@article{Saunders2011,
	annote = {This work is doing visual-servoing for a static target using fixed-wing vehicle.},
	author = {Saunders, Jeffery and Beard, Randal W.},
	doi = {10.1260/1756-8293.3.3.169},
	file = {:home/magiccjae/.local/share/data/Mendeley Ltd./Mendeley Desktop/Downloaded/Saunders, Beard - 2011 - Visual Tracking in Wind with Field of View Constraints.pdf:pdf},
	issn = {1756-8293},
	journal = {International Journal of Micro Air Vehicles},
	mendeley-groups = {Dr.Beard,for{\_}ACC},
	month = {sep},
	number = {3},
	pages = {169--182},
	title = {{Visual Tracking in Wind with Field of View Constraints}},
	url = {http://journals.sagepub.com/doi/10.1260/1756-8293.3.3.169},
	volume = {3},
	year = {2011}
}

@article{Rysdyk2006,
	author = {Rysdyk, Rolf},
	doi = {10.2514/1.19101},
	file = {:home/magiccjae/.local/share/data/Mendeley Ltd./Mendeley Desktop/Downloaded/Rysdyk - 2006 - Unmanned Aerial Vehicle Path Following for Target Observation in Wind.pdf:pdf},
	isbn = {0731-5090},
	issn = {0731-5090},
	journal = {Journal of Guidance, Control, and Dynamics},
	mendeley-groups = {for{\_}ACC},
	month = {sep},
	number = {5},
	pages = {1092--1100},
	title = {{Unmanned Aerial Vehicle Path Following for Target Observation in Wind}},
	url = {http://arc.aiaa.org/doi/10.2514/1.19101},
	volume = {29},
	year = {2006}
}

@inproceedings{Dobrokhodov2006,
	author = {Dobrokhodov, V.N. and Kaminer, I.I. and Jones, K.D. and Ghabcheloo, R.},
	booktitle = {2006 American Control Conference},
	doi = {10.1109/ACC.2006.1656418},
	file = {:home/magiccjae/.local/share/data/Mendeley Ltd./Mendeley Desktop/Downloaded/Dobrokhodov et al. - 2006 - Vision-based tracking and motion estimation for moving targets using small UAVs.pdf:pdf},
	isbn = {1-4244-0209-3},
	issn = {07431619},
	mendeley-groups = {for{\_}ACC},
	pages = {6 pp.},
	publisher = {IEEE},
	title = {{Vision-based tracking and motion estimation for moving targets using small UAVs}},
	url = {http://ieeexplore.ieee.org/document/1656418/},
	year = {2006}
}

@inproceedings{Qadir2011,
	address = {Reston, Virigina},
	archivePrefix = {arXiv},
	arxivId = {1205.5742},
	author = {Qadir, Ashraf and Neubert, Jeremiah and Semke, William and Schultz, Richard},
	booktitle = {Infotech@Aerospace 2011},
	doi = {10.2514/6.2011-1503},
	eprint = {1205.5742},
	file = {:home/magiccjae/.local/share/data/Mendeley Ltd./Mendeley Desktop/Downloaded/Qadir, Neubert, Semke - 2012 - On-Board Visual Tracking with Unmanned Aircraft System (UAS).pdf:pdf},
	isbn = {978-1-60086-944-0},
	mendeley-groups = {for{\_}ACC},
	month = {mar},
	pages = {9},
	publisher = {American Institute of Aeronautics and Astronautics},
	title = {{On-Board Visual Tracking With Unmanned Aircraft System (UAS)}},
	url = {http://arc.aiaa.org/doi/10.2514/6.2011-1503},
	year = {2011}
}

@inproceedings{Theodorakopoulos2008,
	author = {Theodorakopoulos, Panagiotis and Lacroix, Simon},
	booktitle = {2008 IEEE/RSJ International Conference on Intelligent Robots and Systems},
	doi = {10.1109/IROS.2008.4650939},
	file = {:home/magiccjae/.local/share/data/Mendeley Ltd./Mendeley Desktop/Downloaded/Theodorakopoulos, Lacroix - 2008 - A strategy for tracking a ground target with a UAV.pdf:pdf},
	isbn = {978-1-4244-2057-5},
	mendeley-groups = {for{\_}ACC},
	month = {sep},
	pages = {1254--1259},
	publisher = {IEEE},
	title = {{A strategy for tracking a ground target with a UAV}},
	url = {http://ieeexplore.ieee.org/document/4650939/},
	year = {2008}
}

@inproceedings{Pestana2013,
	author = {Pestana, Jesus and Sanchez-Lopez, Jose Luis and Campoy, Pascual and Saripalli, Srikanth},
	booktitle = {2013 IEEE International Symposium on Safety, Security, and Rescue Robotics (SSRR)},
	doi = {10.1109/SSRR.2013.6719359},
	file = {:home/magiccjae/.local/share/data/Mendeley Ltd./Mendeley Desktop/Downloaded/Pestana et al. - 2013 - Vision based GPS-denied Object Tracking and following for unmanned aerial vehicles(2).pdf:pdf},
	isbn = {978-1-4799-0880-6},
	keywords = {Object Following,Visual Servoing,multirotor control},
	mendeley-groups = {for{\_}ACC},
	month = {oct},
	pages = {1--6},
	publisher = {IEEE},
	title = {{Vision based GPS-denied Object Tracking and following for unmanned aerial vehicles}},
	url = {http://ieeexplore.ieee.org/document/6719359/},
	year = {2013}
}

@article{Thomas2017,
	author = {Thomas, Justin and Welde, Jake and Loianno, Giuseppe and Daniilidis, Kostas and Kumar, Vijay},
	doi = {10.1109/LRA.2017.2702198},
	file = {:home/magiccjae/.local/share/data/Mendeley Ltd./Mendeley Desktop/Downloaded/Thomas et al. - 2017 - Autonomous Flight for Detection, Localization, and Tracking of Moving Targets with a Small Quadrotor.pdf:pdf},
	issn = {2377-3766},
	journal = {IEEE Robotics and Automation Letters},
	keywords = {Aerial Systems: Perception and Autonomy},
	mendeley-groups = {for{\_}ACC},
	month = {jul},
	number = {3},
	pages = {1762--1769},
	title = {{Autonomous Flight for Detection, Localization, and Tracking of Moving Targets With a Small Quadrotor}},
	url = {http://ieeexplore.ieee.org/document/7921549/},
	volume = {2},
	year = {2017}
}

@article{Teuliere2011,
	author = {Teuliere, C??line and Eck, Laurent and Marchand, Eric},
	doi = {10.1109/IROS.2011.6048050},
	file = {:home/magiccjae/.local/share/data/Mendeley Ltd./Mendeley Desktop/Downloaded/Teulire, Eck, Marchand - 2011 - Chasing a moving target from a flying UAV(2).pdf:pdf},
	isbn = {9781612844541},
	issn = {2153-0858},
	journal = {IEEE International Conference on Intelligent Robots and Systems},
	mendeley-groups = {for{\_}ACC},
	pages = {4929--4934},
	title = {{Chasing a moving target from a flying UAV}},
	year = {2011}
}

@inproceedings{Kim2013,
	author = {Kim, JeongWoon and Shim, David Hyunchul},
	booktitle = {2013 International Conference on Unmanned Aircraft Systems (ICUAS)},
	doi = {10.1109/ICUAS.2013.6564808},
	file = {:home/magiccjae/.local/share/data/Mendeley Ltd./Mendeley Desktop/Downloaded/Kim, Shim - 2013 - A Vision-based Target Tracking Control System of a Quadrotor by a Tablet Computer(5).pdf:pdf},
	isbn = {978-1-4799-0817-2},
	keywords = {Air Vehicle Operations,See-and-avoid Systems,UAS Applications},
	mendeley-groups = {for{\_}ACC},
	month = {may},
	pages = {1165--1172},
	publisher = {IEEE},
	title = {{A vision-based target tracking control system of a quadrotor by using a tablet computer}},
	url = {http://ieeexplore.ieee.org/document/6564808/},
	year = {2013}
}

@article{Hurak2012,
	author = {Hurak, Z. and Rezac, M.},
	doi = {10.1109/TCST.2011.2164541},
	file = {:home/magiccjae/.local/share/data/Mendeley Ltd./Mendeley Desktop/Downloaded/Hurk, ez - 2012 - Image-based pointing and tracking for inertially stabilized airborne camera platform.pdf:pdf},
	isbn = {9780819481603},
	issn = {1063-6536},
	journal = {IEEE Transactions on Control Systems Technology},
	keywords = {Image-based visual servoing,inertial stabilization,line-of-sight stabilization},
	mendeley-groups = {for{\_}ACC},
	month = {sep},
	number = {5},
	pages = {1146--1159},
	title = {{Image-Based Pointing and Tracking for Inertially Stabilized Airborne Camera Platform}},
	url = {http://ieeexplore.ieee.org/document/6016221/},
	volume = {20},
	year = {2012}
}

@inproceedings{Lee2012,
	author = {Lee, Daewon and Ryan, Tyler and Kim, H. Jin},
	booktitle = {2012 IEEE International Conference on Robotics and Automation},
	doi = {10.1109/ICRA.2012.6224828},
	file = {:home/magiccjae/.local/share/data/Mendeley Ltd./Mendeley Desktop/Downloaded/Lee, Ryan, Kim - 2012 - Autonomous landing of a VTOL UAV on a moving platform using image-based visual servoing(2).pdf:pdf},
	isbn = {978-1-4673-1405-3},
	issn = {10504729},
	mendeley-groups = {for{\_}ACC},
	month = {may},
	pages = {971--976},
	publisher = {IEEE},
	title = {{Autonomous landing of a VTOL UAV on a moving platform using image-based visual servoing}},
	url = {http://ieeexplore.ieee.org/document/6224828/},
	year = {2012}
}

@article{Kalal2012,
	archivePrefix = {arXiv},
	arxivId = {arXiv:1412.7522v1},
	author = {Kalal, Zdenek and Mikolajczyk, Krystian and Matas, Jiri},
	doi = {10.1109/TPAMI.2011.239},
	eprint = {arXiv:1412.7522v1},
	file = {:home/magiccjae/.local/share/data/Mendeley Ltd./Mendeley Desktop/Downloaded/Kalal, Mikolajczyk, Matas - 2012 - Tracking-learning-detection.pdf:pdf},
	isbn = {2011030153},
	issn = {0162-8828},
	journal = {IEEE Transactions on Pattern Analysis and Machine Intelligence},
	keywords = {Long-term tracking,bootstrapping,learning from video,real time,semi-supervised learning},
	mendeley-groups = {for{\_}ACC},
	month = {jul},
	number = {7},
	pages = {1409--1422},
	pmid = {22156098},
	title = {{Tracking-Learning-Detection}},
	url = {http://ieeexplore.ieee.org/document/6104061/},
	volume = {34},
	year = {2012}
}

@inproceedings{Niedfeldt2014,
	author = {Niedfeldt, Peter C. and Beard, Randal W.},
	booktitle = {2014 American Control Conference},
	doi = {10.1109/ACC.2014.6859273},
	file = {:home/magiccjae/.local/share/data/Mendeley Ltd./Mendeley Desktop/Downloaded/Niedfeldt, Beard - 2014 - Multiple target tracking using recursive RANSAC.pdf:pdf},
	isbn = {978-1-4799-3274-0},
	issn = {0743-1619},
	keywords = {Clutter,Current measurement,Estimation,Fault detection/accomodation,Heuristic algorithms,Kalman filter,Kalman filtering,Kalman filters,Noise measurement,R-RANSAC algorithm,Target tracking,Time measurement,iterative methods,multiple target tracking,noisy measurement,recursive RANSAC algorithm,recursive random sample consensus algorithm,spurious measurement,state estimation,target tracking},
	mendeley-groups = {Dr.Beard,for{\_}ACC},
	month = {jun},
	pages = {3393--3398},
	publisher = {IEEE},
	title = {{Multiple target tracking using recursive RANSAC}},
	url = {http://ieeexplore.ieee.org/lpdocs/epic03/wrapper.htm?arnumber=6859273 http://ieeexplore.ieee.org/document/6859273/},
	year = {2014}
}

@article{Quist2016,
	author = {Quist, Eric B. and Niedfeldt, Peter C. and Beard, Randal W.},
	doi = {10.1109/TAES.2016.140829},
	file = {:home/magiccjae/.local/share/data/Mendeley Ltd./Mendeley Desktop/Downloaded/Quist, Niedfeldt, Beard - 2016 - Radar odometry with recursive-RANSAC(2).pdf:pdf},
	issn = {00189251},
	journal = {IEEE Transactions on Aerospace and Electronic Systems},
	mendeley-groups = {for{\_}ACC},
	number = {4},
	pages = {1618--1630},
	title = {{Radar odometry with recursive-RANSAC}},
	volume = {52},
	year = {2016}
}

@inproceedings{Niedfeldt2014,
	author = {Niedfeldt, Peter C. and Quist, Eric B. and Beard, Randal W.},
	booktitle = {2014 IEEE Radar Conference},
	doi = {10.1109/RADAR.2014.6875683},
	file = {:home/magiccjae/.local/share/data/Mendeley Ltd./Mendeley Desktop/Downloaded/Niedfeldt, Quist, Beard - 2014 - Characterizing range progression of SAR point scatterers with recursive RANSAC.pdf:pdf},
	isbn = {978-1-4799-2035-8},
	issn = {10975659},
	keywords = {Multiple target tracking,SAR},
	mendeley-groups = {for{\_}ACC},
	month = {may},
	pages = {0712--0717},
	publisher = {IEEE},
	title = {{Characterizing range progression of SAR point scatterers with recursive RANSAC}},
	url = {http://ieeexplore.ieee.org/lpdocs/epic03/wrapper.htm?arnumber=6875683},
	year = {2014}
}

@misc{Wikle2012,
	author       = {Wikle, Jared and Mclain, Timothy W}, 
	title        = {Detection and Tracking of Multiple Intruders Using the Recursive-RANSAC Algorithm State of Practice},
	howpublished = {Utah Space Grant Fellowship Symposium},
	year         = 2012,
}

@mastersthesis{Ingersoll2015,
	author       = {Ingersoll, Kyle}, 
	title        = {Vision Based Multiple Target Tracking Using Recursive RANSAC},
	school       = {Brigham Young University},
	year         = 2015,
	address      = {Provo, UT},
}

@mastersthesis{Defranco2015,
	author       = {Defranco, Patrick}, 
	title        = {Detecting and Tracking Moving Objects from a Small Unmanned Air Vehicle},
	school       = {Brigham Young University},
	year         = 2015,
	address      = {Provo, UT},
}

@book{UAVbook,
	author        = "Randal W. Beard and Timothy W. McLain",
	title         = "Small Unmanned Aircraft Theory and Practice",
	publisher     = "Princeton",
	address       = "Princeton, NJ",
	year          = "2012"
}

@misc{mavros,
	author       = {Vladimir Ermakov}, 
	title        = {mavros},
	howpublished = {http://wiki.ros.org/mavros},
}

